<mx:record xmlns="http://www.w3.org/TR/xhtml1/strict" xmlns:mx="http://www.loc.gov/MARC21/slim"><mx:leader>00037nz 2200037n 4500</mx:leader><mx:controlfield tag="001">DNB|102382255</mx:controlfield><mx:controlfield tag="003">DNB</mx:controlfield><mx:controlfield tag="005">19960808163953.0</mx:controlfield><mx:controlfield tag="008">930416|||az|nnaa|||||||||||| a|aaa|||| d</mx:controlfield><mx:datafield ind1="7" ind2=" " tag="016"><mx:subfield code="a">102382255</mx:subfield><mx:subfield code="2">GyFmDB</mx:subfield></mx:datafield><mx:datafield ind1=" " ind2=" " tag="040"><mx:subfield code="a">0000</mx:subfield><mx:subfield code="b">ger</mx:subfield><mx:subfield code="d">9999</mx:subfield><mx:subfield code="f">RAK-PND</mx:subfield></mx:datafield><mx:datafield ind1="1" ind2=" " tag="045"><mx:subfield code="b">d3. Jh. n. Chr.</mx:subfield></mx:datafield><mx:datafield ind1="1" ind2=" " tag="100"><mx:subfield code="a">Asinius Quadratus, Gaius</mx:subfield><mx:subfield code="d">3. Jh. n. Chr.</mx:subfield></mx:datafield><mx:datafield ind1="0" ind2=" " tag="400"><mx:subfield code="a">Asinius,</mx:subfield><mx:subfield code="c">Quadratus</mx:subfield><mx:subfield code="d">3. Jh. n. Chr.</mx:subfield></mx:datafield><mx:datafield ind1="0" ind2=" " tag="400"><mx:subfield code="a">Asinius Quadratus,</mx:subfield><mx:subfield code="c">Historicus</mx:subfield><mx:subfield code="d">3. Jh. n. Chr.</mx:subfield></mx:datafield><mx:datafield ind1="0" ind2=" " tag="400"><mx:subfield code="a">Asinius,</mx:subfield><mx:subfield code="c">Historicus</mx:subfield><mx:subfield code="d">3. Jh. n. Chr.</mx:subfield></mx:datafield><mx:datafield ind1="1" ind2=" " tag="400"><mx:subfield code="a">Asinius Protinus Quadratus, Gaius</mx:subfield><mx:subfield code="d">3. Jh. n. Chr.</mx:subfield></mx:datafield><mx:datafield ind1="1" ind2=" " tag="400"><mx:subfield code="a">Quadratus, Gaius Asinius</mx:subfield><mx:subfield code="d">3. Jh. n. Chr.</mx:subfield></mx:datafield><mx:datafield ind1="1" ind2=" " tag="400"><mx:subfield code="a">Protinus Quadratus, Gaius Asinius</mx:subfield><mx:subfield code="d">3. Jh. n. Chr.</mx:subfield></mx:datafield><mx:datafield ind1="1" ind2=" " tag="400"><mx:subfield code="a">Quadratus, Asinius</mx:subfield><mx:subfield code="d">3. Jh. n. Chr.</mx:subfield></mx:datafield></mx:record>